@misc{r1,
    author= {Route4Me},
    year  = {2017},
    title = {Route Planning Tips and Tricks},
    howpublished  = {\url{https://blog.route4me.com/webinars/route-planning-tips-tricks/}}
}

@misc{r2,
    author= {Waze},
    title = {Driving directions},
    howpublished  = {\url{https://www.waze.com/live-map/}}
}


@misc{r3,
    author= {Google Maps Help},
    title = {Get directions & show routes},
    howpublished  = {\url{https://support.google.com/maps/answer/144339?hl=en&co=GENIE.Platform%3DDesktop}}
}