@misc{r1,
    author= {Wikipedia},
    title = {Heap Algorithm},
    howpublished  = {\url{https://en.wikipedia.org/wiki/Heap\%27s_algorithm}}
}